@article{Bantilan:2012vu,
      author         = "Bantilan, Hans and Pretorius, Frans and Gubser, Steven
                        S.",
      title          = "{Simulation of Asymptotically AdS5 Spacetimes with a
                        Generalized Harmonic Evolution Scheme}",
      journal        = "Phys. Rev.",
      volume         = "D85",
      year           = "2012",
      pages          = "084038",
      doi            = "10.1103/PhysRevD.85.084038",
      eprint         = "1201.2132",
      archivePrefix  = "arXiv",
      primaryClass   = "hep-th",
      SLACcitation   = "%%CITATION = ARXIV:1201.2132;%%"
}
